@online{noauthor_tout_nodate,
	title = {Tout savoir sur les panneaux solaires - Energie Douce},
	url = {https://www.energiedouce.com/content/14-tout-savoir-sur-les-panneaux-solaires},
	urldate = {2018-12-13}
}
